@INPROCEEDINGS{10285163,
  author={Bio, Matthew and Scherr, Wolfgang and Agbemenu, A. S. and Sondón, Santiago Martin and Sturm, Johannes and Hande, Vinayak},
  booktitle={2023 Austrochip Workshop on Microelectronics (Austrochip)}, 
  title={BAG2 Assisted Hierarchical Analog Layout Synthesis for Planar Technologies}, 
  year={2023},
  volume={},
  number={},
  pages={44-47},
  keywords={Design automation;Costs;Conferences;Layout;Manuals;Analog circuits;Generators;Berkeley Analog Generator;BAG2;TSMC;65nm;GPDK;45nm;Differential Amplifier;Common-mode feedback;CMFB;Python;Virtuoso},
  doi={10.1109/Austrochip61217.2023.10285163}}

@INPROCEEDINGS{9940835,
  author={Bio, Matthew and Ley, Manfred and Bihlo, Ingmar and Filipitsch, Bernd and Arndt, Thomas and Scherr, Wolfgang},
  booktitle={2022 Austrochip Workshop on Microelectronics (Austrochip)}, 
  title={A low-complexity DDS-based I/Q reference signal generation for capacitive sensing in 65nm CMOS}, 
  year={2022},
  volume={},
  number={},
  pages={29-32},
  keywords={Semiconductor device measurement;VHDL;Pandemics;Europe;Silicon;Data models;Sensors;VHDL;HDL;SoC;65nm;CMOS;DDS;DDFS;sigma-delta;DAC;modeling;FPGA;systemc ams;systemc},
  doi={10.1109/Austrochip56145.2022.9940835}}

@INPROCEEDINGS{9940755,
  author={Akula, Mounika and Subrahmanyam, Boyapati and Martin, Sondón Santiago and Sturm, Johannes},
  booktitle={2022 Austrochip Workshop on Microelectronics (Austrochip)}, 
  title={A Tunable Bandwidth and Center Frequency 6-Path BPF with Improved 3 $k^{th}$ Harmonics Rejection}, 
  year={2022},
  volume={},
  number={},
  pages={21-24},
  keywords={Band-pass filters;Radio frequency;Noise figure;Conferences;Bandwidth;Receivers;Harmonic analysis;Harmonic Rejection Filter;mulipath;polyphase;reconfigurable;tunable bandwidth(BW);tunable filter;bandpass filter(BPF)},
  doi={10.1109/Austrochip56145.2022.9940755}}
